<record><leader>00000cas a22000007a 4500</leader><controlfield tag="001">53194714</controlfield><controlfield tag="008">031014c19939999msuwr ne      0   a0eng c</controlfield><datafield ind1=" " ind2=" " tag="010"><subfield code="a">  2003215047</subfield></datafield><datafield ind1=" " ind2=" " tag="040"><subfield code="a">NSD</subfield><subfield code="b">eng</subfield><subfield code="c">NSD</subfield><subfield code="d">OCLCQ</subfield></datafield><datafield ind1=" " ind2=" " tag="012"><subfield code="l">1</subfield></datafield><datafield ind1="1" ind2=" " tag="022"><subfield code="a">1547-125X</subfield><subfield code="l">1547-125X</subfield><subfield code="2">1</subfield></datafield><datafield ind1=" " ind2=" " tag="037"><subfield code="b">Tunica Times, P.O. Box 308, Tunica, MS 38676</subfield></datafield><datafield ind1=" " ind2=" " tag="042"><subfield code="a">nsdp</subfield><subfield code="a">pcc</subfield></datafield><datafield ind1="1" ind2="0" tag="050"><subfield code="a">ISSN RECORD</subfield></datafield><datafield ind1="0" ind2=" " tag="130"><subfield code="a">Tunica times (1993)</subfield></datafield><datafield ind1=" " ind2="0" tag="222"><subfield code="a">Tunica times</subfield><subfield code="b">(1993)</subfield></datafield><datafield ind1="1" ind2="0" tag="245"><subfield code="a">Tunica times.</subfield></datafield><datafield ind1=" " ind2=" " tag="260"><subfield code="a">Tunica, MS</subfield><subfield code="b">:</subfield><subfield code="b">Tunica Pub. Co.</subfield></datafield><datafield ind1=" " ind2=" " tag="300"><subfield code="a">v.</subfield></datafield><datafield ind1="1" ind2=" " tag="362"><subfield code="a">Began with: 89th year, no. 8 (Feb. 25, 1993).</subfield></datafield><datafield ind1=" " ind2=" " tag="588"><subfield code="a">Description based on: Vol. 99, no. 26 (June 26, 2003).</subfield></datafield><datafield ind1=" " ind2=" " tag="752"><subfield code="a">United States</subfield><subfield code="b">Mississippi</subfield><subfield code="c">Tunica</subfield><subfield code="d">Tunica.</subfield></datafield><datafield ind1="0" ind2="0" tag="780"><subfield code="t">Tunica times-democrat</subfield><subfield code="w">(DLC)sn 87065628</subfield><subfield code="w">(OCoLC)16505345</subfield></datafield><datafield ind1="1" ind2=" " tag="029"><subfield code="a">AU@</subfield><subfield code="b">000025052915</subfield></datafield></record>